<record><leader>00000cas a22000007a 4500</leader><controlfield tag="001">15584434</controlfield><controlfield tag="008">870424d19141915msudr ne      0    0eng d</controlfield><datafield ind1=" " ind2=" " tag="010"><subfield code="a">sn 87065321 </subfield></datafield><datafield ind1=" " ind2=" " tag="040"><subfield code="a">MJA</subfield><subfield code="b">eng</subfield><subfield code="c">MJA</subfield><subfield code="d">MSJ</subfield><subfield code="d">OCLCQ</subfield></datafield><datafield ind1=" " ind2=" " tag="042"><subfield code="a">msc</subfield></datafield><datafield ind1="0" ind2="4" tag="245"><subfield code="a">The Laurel daily leader.</subfield></datafield><datafield ind1=" " ind2=" " tag="260"><subfield code="a">Laurel, Miss. :</subfield><subfield code="b">Leader Pub. Co.,</subfield><subfield code="c">1914-1915.</subfield></datafield><datafield ind1=" " ind2=" " tag="310"><subfield code="a">Daily</subfield></datafield><datafield ind1="0" ind2=" " tag="362"><subfield code="a">Vol. 15, no. 69 (Sept. 14, 1914)-v. 15, no. 324 (July 8, 1915).</subfield></datafield><datafield ind1=" " ind2=" " tag="580"><subfield code="a">Issued also in a weekly edition called: Weekly chronicle (Laurel, Miss.).</subfield></datafield><datafield ind1=" " ind2=" " tag="752"><subfield code="a">United States</subfield><subfield code="b">Mississippi</subfield><subfield code="c">Jones</subfield><subfield code="d">Laurel.</subfield></datafield><datafield ind1="1" ind2=" " tag="775"><subfield code="t">Weekly chronicle (Laurel, Miss.)</subfield></datafield><datafield ind1="0" ind2="4" tag="780"><subfield code="t">Laurel daily argus</subfield><subfield code="w">(OCoLC)15584208</subfield></datafield><datafield ind1="0" ind2="4" tag="780"><subfield code="t">Laurel chronicle (Laurel, Miss.)</subfield><subfield code="w">(OCoLC)15584343</subfield></datafield><datafield ind1="0" ind2="0" tag="785"><subfield code="t">Laurel leader (Laurel, Miss.)</subfield><subfield code="w">(OCoLC)15584614</subfield></datafield></record>